@Book{WHO2001,
  author={{World Health Organization}},
  title={Arsenic and Arsenic Compounds},
  publisher={{WHO} Task Group on Environmental Health Criteria for Arsenic and Arsenic Compounds},
  year=2001,
  series={Environmental Health Criteria 224}
}

@TECHREPORT{INE2014,
title = {{CHILE: Proyecciones y Estimaciones de Poblaci\'on, 1990-2020}},
author = {{Instituto Nacional de Estad\'istica}},
year = {2014},
institution = {CEPAL},
number = {208}
}

@ARTICLE{FerreccioSancha2006,
author = {C. Ferreccio and A.M Sancha},
title = {Arsenic exposure and its impact on health in Chile},
year = {2006},
journal = {Journal of Health, Population and Nutrition},
volume = {24},
number = {2},
pages = {164-75},
month = {June}
}

@Book{MainoRecabarren2012,
  author={Floreal Recabarren and Valeria Maino},
  title={Historia del agua en el desierto m\'as \'arido del mundo},
  publisher={Matte Editores},
  year=2012
}

@ARTICLE{Fraser2012,
author = {Barbara Fraser},
title = {Cancer cluster in Chile linked to arsenic contamination},
year = {2012},
journal = {The Lancet},
volume = {379},
number = {9816},
pages = {603},
month = {February}
}
